@article{cnki1,
  title={Face Features Extraction Based On MBLBP and Improved Fast PCA Algorithm},
  author={Hao Cui, Junqing Liu, Peng Chen, Bangjun Lei and Weisheng Li},
  journal={Microcomputer and Its Applications},
  volume={34},
  number={15},
  pages={219--32},
  year={2015},
  publisher={MII}
}

@article{csdn1,
  title={Realization of PCA using Matlab},
  url={http://blog.csdn.net/guyuealian/article/details/68487833}
}

@article{report1,
  title={Sparse Representation Based Face Recognition},
  author={Yang Zhou}
}

@article{report2,
  title={Sparse Representation Based Face Recognition},
  author={Haocong Luo}
}